@article{wald2021calibration,
	title={On calibration and out-of-domain generalization},
	author={Wald, Yoav and Feder, Amir and Greenfeld, Daniel and Shalit, Uri},
	journal={Advances in neural information processing systems},
	volume={34},
	pages={2215--2227},
	year={2021}
}
@article{bohdal2021meta,
	title={Meta-calibration: Meta-learning of model calibration using differentiable expected calibration error},
	author={Bohdal, Ondrej and Yang, Yongxin and Hospedales, Timothy},
	journal={arXiv preprint arXiv:2106.09613},
	year={2021}
}
@article{arjovsky2019invariant,
	title={Invariant risk minimization},
	author={Arjovsky, Martin and Bottou, L{\'e}on and Gulrajani, Ishaan and Lopez-Paz, David},
	journal={arXiv preprint arXiv:1907.02893},
	year={2019}
}

@article{hendrycks2016baseline,
	title={A baseline for detecting misclassified and out-of-distribution examples in neural networks},
	author={Hendrycks, Dan and Gimpel, Kevin},
	journal={arXiv preprint arXiv:1610.02136},
	year={2016}
}

@inproceedings{guo2017calibration,
	title={On calibration of modern neural networks},
	author={Guo, Chuan and Pleiss, Geoff and Sun, Yu and Weinberger, Kilian Q},
	booktitle={International conference on machine learning},
	pages={1321--1330},
	year={2017},
	organization={PMLR}
}

@article{muller2019does,
	title={When does label smoothing help?},
	author={M{\"u}ller, Rafael and Kornblith, Simon and Hinton, Geoffrey E},
	journal={Advances in neural information processing systems},
	volume={32},
	year={2019}
}

@inproceedings{ghifary2015domain,
	title={Domain generalization for object recognition with multi-task autoencoders},
	author={Ghifary, Muhammad and Kleijn, W Bastiaan and Zhang, Mengjie and Balduzzi, David},
	booktitle={Proceedings of the IEEE international conference on computer vision},
	pages={2551--2559},
	year={2015}
}

@article{hendrycks2019benchmarking,
	title={Benchmarking neural network robustness to common corruptions and perturbations},
	author={Hendrycks, Dan and Dietterich, Thomas},
	journal={arXiv preprint arXiv:1903.12261},
	year={2019}
}

@article{zhang2021adaptive,
	title={Adaptive risk minimization: Learning to adapt to domain shift},
	author={Zhang, Marvin and Marklund, Henrik and Dhawan, Nikita and Gupta, Abhishek and Levine, Sergey and Finn, Chelsea},
	journal={Advances in Neural Information Processing Systems},
	volume={34},
	pages={23664--23678},
	year={2021}
}

@article{gulrajani2020search,
	title={In search of lost domain generalization},
	author={Gulrajani, Ishaan and Lopez-Paz, David},
	journal={arXiv preprint arXiv:2007.01434},
	year={2020}
}

@inproceedings{kumar2018trainable,
	title={Trainable calibration measures for neural networks from kernel mean embeddings},
	author={Kumar, Aviral and Sarawagi, Sunita and Jain, Ujjwal},
	booktitle={International Conference on Machine Learning},
	pages={2805--2814},
	year={2018},
	organization={PMLR}
}

@article{mukhoti2020calibrating,
	title={Calibrating deep neural networks using focal loss},
	author={Mukhoti, Jishnu and Kulharia, Viveka and Sanyal, Amartya and Golodetz, Stuart and Torr, Philip and Dokania, Puneet},
	journal={Advances in Neural Information Processing Systems},
	volume={33},
	pages={15288--15299},
	year={2020}
}

@article{brier1950verification,
	title={Verification of forecasts expressed in terms of probability},
	author={Brier, Glenn W and others},
	journal={Monthly weather review},
	volume={78},
	number={1},
	pages={1--3},
	year={1950}
}

@inproceedings{finn2017model,
	title={Model-agnostic meta-learning for fast adaptation of deep networks},
	author={Finn, Chelsea and Abbeel, Pieter and Levine, Sergey},
	booktitle={International conference on machine learning},
	pages={1126--1135},
	year={2017},
	organization={PMLR}
}

@inproceedings{li2019feature,
	title={Feature-critic networks for heterogeneous domain generalization},
	author={Li, Yiying and Yang, Yongxin and Zhou, Wei and Hospedales, Timothy},
	booktitle={International Conference on Machine Learning},
	pages={3915--3924},
	year={2019},
	organization={PMLR}
}

@misc{wandb,
	title = {Experiment Tracking with Weights and Biases},
	year = {2020},
	note = {Software available from wandb.com},
	url={https://www.wandb.com/},
	author = {Biewald, Lukas},
}
